@article{killick2014changepoint,
  title={changepoint: An R package for changepoint analysis},
  author={Killick, Rebecca and Eckley, Idris},
  journal={Journal of statistical software},
  volume={58},
  number={3},
  pages={1--19},
  year={2014}
}

@article{zhang2022sequential,
  title={Sequential Gradient Descent and Quasi-Newton's Method for Change-Point Analysis},
  author={Zhang, Xianyang and Dawn, Trisha},
  journal={arXiv preprint arXiv:2210.12235},
  year={2022}
}

@article{killick2012optimal,
  title={Optimal detection of changepoints with a linear computational cost},
  author={Killick, Rebecca and Fearnhead, Paul and Eckley, Idris A},
  journal={Journal of the American Statistical Association},
  volume={107},
  number={500},
  pages={1590--1598},
  year={2012},
  publisher={Taylor \& Francis}
}

@article{shipmon2017time,
  title={Time series anomaly detection; detection of anomalous drops with limited features and sparse examples in noisy highly periodic data},
  author={Shipmon, Dominique T and Gurevitch, Jason M and Piselli, Paolo M and Edwards, Stephen T},
  journal={arXiv preprint arXiv:1708.03665},
  year={2017}
}

@article{page1954continuous,
  title={Continuous inspection schemes},
  author={Page, Ewan S},
  journal={Biometrika},
  volume={41},
  number={1/2},
  pages={100--115},
  year={1954},
  publisher={JSTOR}
}

@book{brodsky1993nonparametric,
  title={Nonparametric methods in change point problems},
  author={Brodsky, Emily and Darkhovsky, Boris S},
  volume={243},
  year={1993},
  publisher={Springer Science \& Business Media}
}

@article{csorgo1997limit,
  title={Limit theorems in change-point analysis},
  author={Cs{\"o}rg{\"o}, Mikl{\'o}s and Horv{\'a}th, Lajos and others},
  year={1997},
  publisher={John Wiley \& Sons}
}

@book{tartakovsky2014sequential,
  title={Sequential analysis: Hypothesis testing and changepoint detection},
  author={Tartakovsky, Alexander and Nikiforov, Igor and Basseville, Michele},
  year={2014},
  publisher={CRC Press}
}

@article{aue2013structural,
  title={Structural breaks in time series},
  author={Aue, Alexander and Horv{\'a}th, Lajos},
  journal={Journal of Time Series Analysis},
  volume={34},
  number={1},
  pages={1--16},
  year={2013},
  publisher={Wiley Online Library}
}

@article{niu2016multiple,
  title={Multiple change-point detection: a selective overview},
  author={Niu, Yue S and Hao, Ning and Zhang, Heping},
  journal={Statistical Science},
  pages={611--623},
  year={2016},
  publisher={JSTOR}
}

@article{aminikhanghahi2017survey,
  title={A survey of methods for time series change point detection},
  author={Aminikhanghahi, Samaneh and Cook, Diane J},
  journal={Knowledge and information systems},
  volume={51},
  number={2},
  pages={339--367},
  year={2017},
  publisher={Springer}
}

@article{truong2020selective,
  title={Selective review of offline change point detection methods},
  author={Truong, Charles and Oudre, Laurent and Vayatis, Nicolas},
  journal={Signal Processing},
  volume={167},
  pages={107299},
  year={2020},
  publisher={Elsevier}
}

@article{liu2022high,
  title={High dimensional change point inference: Recent developments and extensions},
  author={Liu, Bin and Zhang, Xinsheng and Liu, Yufeng},
  journal={Journal of Multivariate Analysis},
  volume={188},
  pages={104833},
  year={2022},
  publisher={Elsevier}
}

@article{auger1989algorithms,
  title={Algorithms for the optimal identification of segment neighborhoods},
  author={Auger, Ivan E and Lawrence, Charles E},
  journal={Bulletin of mathematical biology},
  volume={51},
  number={1},
  pages={39--54},
  year={1989},
  publisher={Elsevier}
}

@article{jackson2005algorithm,
  title={An algorithm for optimal partitioning of data on an interval},
  author={Jackson, Brad and Scargle, Jeffrey D and Barnes, David and Arabhi, Sundararajan and Alt, Alina and Gioumousis, Peter and Gwin, Elyus and Sangtrakulcharoen, Paungkaew and Tan, Linda and Tsai, Tun Tao},
  journal={IEEE Signal Processing Letters},
  volume={12},
  number={2},
  pages={105--108},
  year={2005},
  publisher={IEEE}
}

@article{rigaill2010pruned,
  title={Pruned dynamic programming for optimal multiple change-point detection},
  author={Rigaill, Guillem},
  journal={arXiv preprint arXiv:1004.0887},
  volume={17},
  year={2010},
  publisher={Citeseer}
}

@article{yiugiter2015online,
  title={An online copy number variant detection method for short sequencing reads},
  author={Yi{\u{g}}iter, Ayten and Chen, Jie and An, Lingling and Danacio{\u{g}}lu, Nazan},
  journal={Journal of Applied Statistics},
  volume={42},
  number={7},
  pages={1556--1571},
  year={2015},
  publisher={Taylor \& Francis}
}

@article{ross2015parametric,
  title={Parametric and nonparametric sequential change detection in R: The cpm package},
  author={Ross, Gordon J},
  journal={Journal of Statistical Software},
  volume={66},
  pages={1--20},
  year={2015}
}

@article{erdman2008bcp,
  title={bcp: an R package for performing a Bayesian analysis of change point problems},
  author={Erdman, Chandra and Emerson, John W},
  journal={Journal of statistical Software},
  volume={23},
  pages={1--13},
  year={2008}
}

@article{james2013ecp,
  title={ecp: An R package for nonparametric multiple change point analysis of multivariate data},
  author={James, Nicholas A and Matteson, David S},
  journal={arXiv preprint arXiv:1309.3295},
  year={2013}
}

@article{lindelov2020mcp,
  title={mcp: An R package for regression with multiple change points},
  author={Lindel{\o}v, Jonas Kristoffer and others},
  journal={OSF Preprints},
  volume={10},
  year={2020},
  publisher={Center for Open Science}
}

@article{zeileis2002strucchange,
  title={strucchange: An R package for testing for structural change in linear regression models},
  author={Zeileis, Achim and Leisch, Friedrich and Hornik, Kurt and Kleiber, Christian},
  journal={Journal of statistical software},
  volume={7},
  pages={1--38},
  year={2002}
}

@article{muggeo2008segmented,
  title={Segmented: an R package to fit regression models with broken-line relationships},
  author={Muggeo, Vito MR and others},
  journal={R news},
  volume={8},
  number={1},
  pages={20--25},
  year={2008}
}

@article{barry1993bayesian,
  title={A Bayesian analysis for change point problems},
  author={Barry, Daniel and Hartigan, John A},
  journal={Journal of the American Statistical Association},
  volume={88},
  number={421},
  pages={309--319},
  year={1993},
  publisher={Taylor \& Francis}
}

@Manual{changepoints2022,
  title = {changepoints: A Collection of Change-Point Detection Methods},
  author = {Haotian Xu and Oscar Padilla and Daren Wang and Mengchu Li},
  year = {2022},
  note = {R package version 1.1.0},
  url = {https://CRAN.R-project.org/package=changepoints},
}
